@online{1GANs,
	Author = {Ian J. Goodfellow and Jean Pouget-Abadie and Mehdi Mirza and Bing Xu and David Warde-Farley and Sherjil Ozair and Aaron Courville and Yoshua Bengio},
	Title = {Generative Adversarial Networks},
	Year = {2014},
	Eprint = {1406.2661},
	Eprinttype = {arXiv},
}

@Book{2Neuroscience,
	ALTauthor = {M. A. Goodale},
	ALTauthor = {A. D. Milner},
	ALTeditor = {editor},
	title = {Separate visual path-ways for perception and action.},
	publisher = {Trends in neurosciences},
	year = {1992}
}

@online{2BridgingGaps,
	Author = {Qianli Liao and Tomaso Poggio},
	Title = {Bridging the Gaps Between Residual Learning, Recurrent Neural Networks and Visual Cortex},
	Year = {2016},
	Eprint = {1604.03640},
	Eprinttype = {arXiv},
}

@online{3ResNet,
	Author = {Kaiming He and Xiangyu Zhang and Shaoqing Ren and Jian Sun},
	Title = {Deep Residual Learning for Image Recognition},
	Year = {2015},
	Eprint = {1512.03385},
	Eprinttype = {arXiv},
}

@online{4SceneLabeling,
	Author = {Pedro H. O. Pinheiro and Ronan Collobert},
	Title = {Recurrent Convolutional Neural Networks for Scene Parsing},
	Year = {2013},
	Eprint = {1306.2795},
	Eprinttype = {arXiv},
}

@online{5IntermediateFeatures,
	Author = {Matthew D Zeiler and Rob Fergus},
	Title = {Visualizing and Understanding Convolutional Networks},
	Year = {2013},
	Eprint = {1311.2901},
	Eprinttype = {arXiv},
}

@online{6Generalization,
	Author = {Chiyuan Zhang and Samy Bengio and Moritz Hardt and Benjamin Recht and Oriol Vinyals},
	Title = {Understanding deep learning requires rethinking generalization},
	Year = {2016},
	Eprint = {1611.03530},
	Eprinttype = {arXiv},
}

@online{7MachineTranslation,
	Author = {Biao Zhang and Deyi Xiong and Jinsong Su},
	Title = {Recurrent Neural Machine Translation},
	Year = {2016},
	Eprint = {1607.08725},
	Eprinttype = {arXiv},
}

@online{8AttentionModels,
	Author = {Volodymyr Mnih and Nicolas Heess and Alex Graves and Koray Kavukcuoglu},
	Title = {Recurrent Models of Visual Attention},
	Year = {2014},
	Eprint = {1406.6247},
	Eprinttype = {arXiv},
}

@online{10Pascanu,
	Author = {Razvan Pascanu and Tomas Mikolov and Yoshua Bengio},
	Title = {On the difficulty of training Recurrent Neural Networks},
	Year = {2012},
	Eprint = {1211.5063},
	Eprinttype = {arXiv},
}

@online{11Laurent,
	Author = {Thomas Laurent and James von Brecht},
	Title = {A recurrent neural network without chaos},
	Year = {2016},
	Eprint = {1612.06212},
	Eprinttype = {arXiv},
}

@online{12DeepSearch,
	Author = {Awni Hannun and Carl Case and Jared Casper and Bryan Catanzaro and Greg Diamos and Erich Elsen and Ryan Prenger and Sanjeev Satheesh and Shubho Sengupta and Adam Coates and Andrew Y. Ng},
	Title = {Deep Speech: Scaling up end-to-end speech recognition},
	Year = {2014},
	Eprint = {1412.5567},
	Eprinttype = {arXiv},
}

@online{13SpeechRecognition,
	Author = {Haşim Sak and Andrew Senior and Françoise Beaufays},
	Title = {Long Short-Term Memory Based Recurrent Neural Network Architectures for Large Vocabulary Speech Recognition},
	Year = {2014},
	Eprint = {1402.1128},
	Eprinttype = {arXiv},
}

@online{14RegularizationZaremba,
	Author = {Wojciech Zaremba and Ilya Sutskever and Oriol Vinyals},
	Title = {Recurrent Neural Network Regularization},
	Year = {2014},
	Eprint = {1409.2329},
	Eprinttype = {arXiv},
}

@online{15TransductionGraves,
	Author = {Alex Graves},
	Title = {Sequence Transduction with Recurrent Neural Networks},
	Year = {2012},
	Eprint = {1211.3711},
	Eprinttype = {arXiv},
}

@article{16ForgateGatePeepholeConnectionsGers,
	title={Long short-term memory in recurrent neural networks},
	author={Gers, Felix},
	journal={Unpublished PhD dissertation, Ecole Polytechnique F{\'e}d{\'e}rale de Lausanne, Lausanne, Switzerland},
	year={2001}
}

@online{17LoopyRNN,
	Author = {Donghao Luo and Bingbing Ni and Yichao Yan and Xiaokang Yang},
	Title = {Image Matching via Loopy RNN},
	Year = {2017},
	Eprint = {1706.03190},
	Eprinttype = {arXiv},
}

@article{18DifferentiableNeuralComputer,
	title={Hybrid computing using a neural network with dynamic external memory},
	author={Graves, Alex and Wayne, Greg and Reynolds, Malcolm and Harley, Tim and Danihelka, Ivo and Grabska-Barwi{\'n}ska, Agnieszka and Colmenarejo, Sergio G{\'o}mez and Grefenstette, Edward and Ramalho, Tiago and Agapiou, John and others},
	journal={Nature},
	volume={538},
	number={7626},
	pages={471--476},
	year={2016},
	publisher={Nature Research}
}

@techreport{19IntroductionRNN,
	title={Learning internal representations by error propagation},
	author={Rumelhart, David E and Hinton, Geoffrey E and Williams, Ronald J},
	year={1985},
	institution={California Univ San Diego La Jolla Inst for Cognitive Science}
}

@article{20SutskeverPhdThesis,
	title={Training recurrent neural networks},
	author={Sutskever, Ilya},
	journal={University of Toronto, Toronto, Ont., Canada},
	year={2013}
}

@book{21StrogatzBook,
	title={Nonlinear dynamics and chaos: with applications to physics, biology, chemistry, and engineering},
	author={Strogatz, Steven H},
	year={2014},
	publisher={Hachette UK}
}

@article{22IntroBackpropagation,
	title={Learning representations by back-propagating errors},
	author={Williams, DRGHR and Hinton, Geoffrey},
	journal={Nature},
	volume={323},
	number={6088},
	pages={533--538},
	year={1986}
}

@inproceedings{23BifurcationsDoya,
	title={Bifurcations in the learning of recurrent neural networks},
	author={Doya, Kenji},
	booktitle={Circuits and Systems, 1992. ISCAS'92. Proceedings., 1992 IEEE International Symposium on},
	volume={6},
	pages={2777--2780},
	year={1992},
	organization={IEEE}
}

@article{24LongTermDependenciesBengio,
	title={Learning long-term dependencies with gradient descent is difficult},
	author={Bengio, Yoshua and Simard, Patrice and Frasconi, Paolo},
	journal={IEEE transactions on neural networks},
	volume={5},
	number={2},
	pages={157--166},
	year={1994},
	publisher={IEEE}
}

@article{25DependenciesProblemHochreiter,
	title={Untersuchungen zu dynamischen neuronalen Netzen},
	author={Hochreiter, Sepp},
	journal={Diploma, Technische Universit{\"a}t M{\"u}nchen},
	volume={91},
	year={1991}
}

@article{26PeepholeConnections,
	title={Learning precise timing with LSTM recurrent networks},
	author={Gers, Felix A and Schraudolph, Nicol N and Schmidhuber, J{\"u}rgen},
	journal={Journal of machine learning research},
	volume={3},
	number={Aug},
	pages={115--143},
	year={2002}
}

@online{27DNNAgainstHumans,
	Author = {Robert Geirhos and David H. J. Janssen and Heiko H. Schütt and Jonas Rauber and Matthias Bethge and Felix A. Wichmann},
	Title = {Comparing deep neural networks against humans: object recognition when the signal gets weaker},
	Year = {2017},
	Eprint = {1706.06969},
	Eprinttype = {arXiv},
}

@online{28ResidualLearning,
	Author = {Kaiming He and Xiangyu Zhang and Shaoqing Ren and Jian Sun},
	Title = {Deep Residual Learning for Image Recognition},
	Year = {2015},
	Eprint = {1512.03385},
	Eprinttype = {arXiv},
}

@inproceedings{29ShortcutConnections,
	title={Deep learning made easier by linear transformations in perceptrons},
	author={Raiko, Tapani and Valpola, Harri and LeCun, Yann},
	booktitle={Artificial Intelligence and Statistics},
	pages={924--932},
	year={2012}
}

@online{30NeuralTuringMachines,
	Author = {Alex Graves and Greg Wayne and Ivo Danihelka},
	Title = {Neural Turing Machines},
	Year = {2014},
	Eprint = {1410.5401},
	Eprinttype = {arXiv},
}

@online{31NeuralTuringMachinesRevised,
	Author = {Wojciech Zaremba and Ilya Sutskever},
	Title = {Reinforcement Learning Neural Turing Machines - Revised},
	Year = {2015},
	Eprint = {1505.00521},
	Eprinttype = {arXiv},
}

@online{32WideDeepLearning,
	Author = {Heng-Tze Cheng and Levent Koc and Jeremiah Harmsen and Tal Shaked and Tushar Chandra and Hrishi Aradhye and Glen Anderson and Greg Corrado and Wei Chai and Mustafa Ispir and Rohan Anil and Zakaria Haque and Lichan Hong and Vihan Jain and Xiaobing Liu and Hemal Shah},
	Title = {Wide and Deep Learning for Recommender Systems},
	Year = {2016},
	Eprint = {1606.07792},
	Eprinttype = {arXiv},
}


@article{33TimeXORElman,
	title={Finding structure in time},
	author={Elman, Jeffrey L},
	journal={Cognitive science},
	volume={14},
	year={1990}
}

@book{34JurafskyBook,
	title={Speech and language processing},
	author={Jurafsky, Dan and Martin, James H},
	volume={3},
	year={2014},
	publisher={Pearson London}
}

@inproceedings{35MikolovRecurrentEmbedings,
	title={Linguistic regularities in continuous space word representations.},
	author={Mikolov, Tomas and Yih, Wen-tau and Zweig, Geoffrey},
	booktitle={hlt-Naacl},
	volume={13},
	pages={746--751},
	year={2013}
}

@inproceedings{36MikolovImprovement,
	title={Distributed representations of words and phrases and their compositionality},
	author={Mikolov, Tomas and Sutskever, Ilya and Chen, Kai and Corrado, Greg S and Dean, Jeff},
	booktitle={Advances in neural information processing systems},
	pages={3111--3119},
	year={2013}
}

@article{37BengioNeuralEmbeding,
	title={A neural probabilistic language model},
	author={Bengio, Yoshua and Ducharme, R{\'e}jean and Vincent, Pascal and Jauvin, Christian},
	journal={Journal of machine learning research},
	volume={3},
	number={Feb},
	pages={1137--1155},
	year={2003}
}

@online{38MikolovFormer,
	Author = {Tomas Mikolov and Kai Chen and Greg Corrado and Jeffrey Dean},
	Title = {Efficient Estimation of Word Representations in Vector Space},
	Year = {2013},
	Eprint = {1301.3781},
	Eprinttype = {arXiv},
}

@inproceedings{39GlovePennington,
	title={Glove: Global vectors for word representation},
	author={Pennington, Jeffrey and Socher, Richard and Manning, Christopher},
	booktitle={Proceedings of the 2014 conference on empirical methods in natural language processing (EMNLP)},
	pages={1532--1543},
	year={2014}
}

@inproceedings{40CollobetWeston,
	title={A unified architecture for natural language processing: Deep neural networks with multitask learning},
	author={Collobert, Ronan and Weston, Jason},
	booktitle={Proceedings of the 25th international conference on Machine learning},
	pages={160--167},
	year={2008},
	organization={ACM}
}

@article{41PennTreebankMarcus,
	title={Building a large annotated corpus of English: The Penn Treebank},
	author={Marcus, Mitchell P and Marcinkiewicz, Mary Ann and Santorini, Beatrice},
	journal={Computational linguistics},
	volume={19},
	number={2},
	pages={313--330},
	year={1993},
	publisher={MIT Press}
}

@article{42FormerLSTMHochreiter,
	title={Long short-term memory},
	author={Hochreiter, Sepp and Schmidhuber, J{\"u}rgen},
	journal={Neural computation},
	volume={9},
	number={8},
	pages={1735--1780},
	year={1997},
	publisher={MIT Press}
}